02RETORNO01COBRANCA       293800245087        CA MODAS LTDA                 341BANCO ITAU S.A.11121401600BPI00006121214                                                                                                                                                                                                                                                                                   000001
10245242914000105293800245087                                 00500997            175006002774             I06111214          00500997            000000000000000242034192460  000000000000000000000000000000000000000000000000000000000000000000000000002000000000000042000000000000000000000000000   12121400000000000000000000000                                                                    BL000002
10245242914000105293800245087                                 00501009            175006002956             I06111214          00501009            000000000000000743934170516  000000000000000000000000000000000000000000000000000000000000000000000000000000000000000743900000000000000000000000000   12121400000000000000000000000                                                                    BL000003
9201341          000000000000000000000000000000          000000000000000000000000000000                                                  000000000000000000000000000000          000000000000000000000000000000000060000000200000000009859                                                                                                                                                                000004
